@inproceedings{ESC50,
  title = {{ESC}: {Dataset} for {Environmental Sound Classification}},
  author = {Piczak, Karol J.},
  booktitle = {Proceedings of the 23rd {Annual ACM Conference} on {Multimedia}},
  date = {2015-10-13},
  url = {http://dl.acm.org/citation.cfm?doid=2733373.2806390},
  doi = {10.1145/2733373.2806390},
  location = {{Brisbane, Australia}},
  isbn = {978-1-4503-3459-4},
  publisher = {{ACM Press}},
  pages = {1015--1018}
}
@inproceedings{MFCC,
author = {Beritelli, Francesco and Grasso, R.},
year = {2009},
month = {01},
pages = {1 - 4},
title = {A pattern recognition system for environmental sound classification based on MFCCs and neural networks},
doi = {10.1109/ICSPCS.2008.4813723}
}
@inproceedings{Context-Aware,
author = {Ma, Ling and Smith, Dan and Milner, Ben},
year = {2003},
month = {09},
pages = {360-370},
title = {Environmental Noise Classification for Context-Aware Applications},
volume = {2736},
doi = {10.1007/978-3-540-45227-0_36}
}
@article{Urban,
author = {Couvreur, L. and Laniray, M.},
year = {2004},
month = {01},
pages = {},
title = {Automatic Noise Recognition in Urban Environments Based on Artificial Neural Networks and Hidden Markov Models}
}
@inproceedings{survey,
author = {Chachada, Sachin and Kuo, C.-C. Jay},
year = {2013},
month = {10},
pages = {1-9},
title = {Environmental sound recognition: A survey},
volume = {3},
journal = {APSIPA Transactions on Signal and Information Processing},
doi = {10.1109/APSIPA.2013.6694338}
}
@inproceedings{DL,
author = {Li, Juncheng and Dai, Wei and Metze, Florian and Qu, Shuhui and Das, Samarjit},
year = {2017},
month = {03},
pages = {126-130},
title = {A comparison of Deep Learning methods for environmental sound detection},
doi = {10.1109/ICASSP.2017.7952131}
}
@inproceedings{GM,
author = {Shen, Guanghu},
year = {2012},
month = {05},
pages = {1802-1807},
title = {An Environmental Sound Source Classification System Based on Mel-Frequency Cepstral Coefficients and Gaussian Mixture Models},
isbn = {9783902661982},
doi = {10.3182/20120523-3-RO-2023.00251}
}
@misc{github,
  author = {Shibuiwilliam},
  title = {Audio Classification Keras},
  year = {2018},
  publisher = {GitHub},
  journal = {GitHub repository},
  howpublished = {\url{https://github.com/shibuiwilliam/audio_classification_keras}},
  commit = {c30bf4d95f37f1d535928334ab7d85c3338bbb76}
}